@BOOK{Anderson1998,
  title = {{Plagiarism, Copyright Violation, and Other Thefts of Intellectual
	Property: An Annotated Bibliography with a Lengthy Introduction}},
  publisher = {Mcfarland \& Co Inc},
  year = {1998},
  author = {Anderson, Judy},
  owner = {Herrmann},
  timestamp = {2012.11.29}
}

@BOOK{Day2006,
  title = {{How to Write and Publish a Scientific Paper}},
  publisher = {Greenwood Pub Group Inc.},
  year = {2006},
  author = {Day, Robert A. and Gastel, Barbara},
  owner = {Herrmann},
  timestamp = {2012.11.28}
}

@MANUAL{EmbSys,
  title = {{Embedded Systems Band 1: Grundlagen und Prozessor - HT2012/WT2013}},
  author = {Englberger, Ferdinand},
  organization = {Universität der Bundeswehr München - WE4},
  edition = {4.0.3},
  year = {2012},
  owner = {Herrmann},
  timestamp = {2012.11.29}
}

@MISC{IEEEReprint,
  author = {IEEE.org},
  title = {{Requesting Permission to Reuse IEEE Material}},
  howpublished = {\url{http://www.ieee.org/publications_standards/publications/rights/reqperm.html}},
  month = {6},
  year = {2012},
  owner = {Herrmann},
  timestamp = {2012.11.29}
}

@BOOK{Kopka2002,
  title = {LATEX, Bd. 1: Einführung},
  publisher = {Addison-Wesley Verlag},
  year = {2002},
  author = {Kopka, Helmut},
  owner = {Herrmann},
  timestamp = {2012.12.04}
}

@BOOK{Kornmeier2012,
  title = {{Wissenschaftliches schreiben leicht gemacht. Für Bachelor, Master
	und Dissertationen}},
  publisher = {UTB GmbH},
  year = {2012},
  author = {Kornmeier, Martin},
  owner = {Herrmann},
  timestamp = {2012.11.29}
}

@BOOK{Robert2007,
  title = {{Student Plagiarism in an Online Eorls: Problems and Solutions (Premier
	Reference Source)}},
  publisher = {Idea Group Reference},
  year = {2007},
  author = {Robert, Tim S.},
  owner = {Herrmann},
  timestamp = {2012.11.29}
}

@THESIS{Ruether2011,
  author = {Rüther, Ralf},
  title = {{Weiterentwicklung der Roboterplattform Rumbler (Kettenfahrzeug)}},
  type = {Bachelorarbeit},
  school = {Universität der Bundeswehr München},
  year = {2011},
  owner = {Herrmann},
  timestamp = {2012.11.29}
}

@THESIS{Solzbacher2011,
  author = {Solzbacher, Thomas},
  title = {{Entwicklung und Implementierung des SLAM Algorithmus (Synchronous
	Localization and Mapping) zur Steuerung von autonomen Robotern}},
  type = {Masterarbeit},
  school = {Universität der Bundeswehr München},
  year = {2011},
  owner = {Herrmann},
  timestamp = {2012.11.29}
}

@MISC{SpringerReprint,
  author = {{Springer Verlag New York / Heidelberg}},
  title = {{Springer Rights Platform}},
  howpublished = {http://www.springer.com/rights?SGWID=0-122-0-0-0},
  month = {6},
  year = {2012},
  owner = {Herrmann},
  timestamp = {2012.11.29}
}

@TECHREPORT{Ufnalska2011,
  author = {Ufnalska, Sylwia},
  title = {{EASE Guidelines for Authors and Translators of Scientific Articles
	to be Published in English}},
  institution = {European Association of Science Editors},
  year = {2011},
  owner = {Herrmann},
  timestamp = {2012.11.29}
}

@MISC{IEEE,
  title = {{IEEE Xplorer Digital Library}},
  howpublished = {http://ieeexplore.ieee.org/Xplore/guesthome.jsp},
  month = {12},
  year = {2012},
  owner = {Herrmann},
  timestamp = {2012.11.29},
  url = {http://ieeexplore.ieee.org/Xplore/guesthome.jsp}
}

@MISC{Inkscape,
  title = {Inkscape},
  howpublished = {http://inkscape.org/?lang=de},
  month = {12},
  year = {2012},
  owner = {Herrmann},
  timestamp = {2012.11.29}
}

@MISC{Springerlink,
  title = {{SpringerLink}},
  howpublished = {http://link.springer.com/},
  month = {12},
  year = {2012},
  owner = {Herrmann},
  timestamp = {2012.11.29},
  url = {http://link.springer.com/}
}

@MISC{UniBib,
  title = {{Universität der Bundeswehr München - Universitätsbibliothek}},
  howpublished = {http://link.springer.com/},
  month = {12},
  year = {2012},
  owner = {Herrmann},
  timestamp = {2012.11.29},
  url = {http://www.unibw.de/unibib/digibib}
}

@MANUAL{LM2731,
  title = {{LM2731 0.6/1.6 MHz Boost Converters With 22V Internal FET Switch
	in SOT-23}},
  organization = {National Semiconductor},
  month = {7},
  year = {2003},
  owner = {Herrmann},
  timestamp = {2012.11.29}
}

